@article{xie2007,
  author = {Xie, Xuexiang and He, Ying and Tian, Feng and Seah, Hock-Soon and Gu, Xianfeng and Qin, Hong},
  year = {2007},
  month = {11},
  pages = {1328-1335},
  title = {An Effective Illustrative Visualization Framework Based on Photic Extremum Lines (PELs)},
  volume = {13},
  journal = {IEEE transactions on visualization and computer graphics},
  doi = {10.1109/TVCG.2007.70538}
}

@article{decarlo2003,
  author = {DeCarlo, Douglas and Finkelstein, Adam and Rusinkiewicz, Szymon and Santella, Anthony},
  year = {2003},
  month = {07},
  pages = {848-855},
  title = {Suggestive Contours for Conveying Shape},
  volume = {22},
  journal = {ACM Trans. Graph.},
  doi = {10.1145/1201775.882354}
}

@article{isenberg2003,
  author = {Isenberg, Tobias and Freudenberg, Bert and Halper, Nick and Schlechtweg, Stefan and Strothotte, Thomas},
  year = {2003},
  month = {08},
  pages = {28 - 37},
  title = {A Developer's Guide to Silhouette Algorithms for Polygonal Models},
  volume = {23},
  journal = {Computer Graphics and Applications, IEEE},
  doi = {10.1109/MCG.2003.1210862}
}

@inproceedings{rusinkiewicz2004,
  author = {Rusinkiewicz, Szymon},
  year = {2004},
  month = {10},
  pages = {486- 493},
  title = {Estimating Curvatures and Their Derivatives on Triangle Meshes},
  isbn = {0-7695-2223-8},
  journal = {Proceedings - 2nd International Symposium on 3D Data Processing, Visualization, and Transmission. 3DPVT 2004},
  doi = {10.1109/TDPVT.2004.1335277}
}

@article{zhang2010,
  author = {Zhang, Long and He, Ying and Seah, Hock},
  year = {2010},
  month = {06},
  pages = {399-407},
  title = {Real-Time Computation of Photic Extremum Lines (PELs)},
  volume = {26},
  journal = {The Visual Computer},
  doi = {10.1007/s00371-010-0454-x}
}

@article{max1999,
  author = {Max, Nelson},
  year = {1999},
  month = {01},
  pages = {},
  title = {Weights for Computing Vertex Normals from Facet Normals},
  volume = {4},
  isbn = {978-1-56881-246-5},
  journal = {Journal of Graphics Tools},
  doi = {10.1080/10867651.1999.10487501}
}

@article{jin2005,
  author = {Jin, Shuangshuang and Lewis, Robert and West, David},
  year = {2005},
  month = {02},
  pages = {71-82},
  title = {A Comparison of Algorithms for Vertex Normal Computation},
  volume = {21},
  journal = {The Visual Computer},
  doi = {10.1007/s00371-004-0271-1}
}

@article{zhang2011,
  author = {Zhang, Long and He, Ying and Xia, Jiazhi and Xie, Xuexiang and Chen, Wei},
  year = {2011},
  month = {07},
  pages = {},
  title = {Real-Time Shape Illustration Using Laplacian Lines},
  volume = {17},
  journal = {IEEE transactions on Visualization and Computer Graphics},
  doi = {10.1109/TVCG.2010.118}
}

@article{kolomenkin2008,
  author = {Kolomenkin, Michael and Shimshoni, Ilan and Tal, Ayellet},
  year = {2008},
  month = {12},
  pages = {157},
  title = {Demarcating Curves for Shape Illustration},
  volume = {27},
  journal = {ACM Trans. Graph.},
  doi = {10.1145/1457515.1409110}
}

@article{rusinkiewicz2006,
  author = {Rusinkiewicz, Szymon and Burns, Michael and DeCarlo, Douglas},
  year = {2006},
  month = {07},
  pages = {1199-1205},
  title = {Exaggerated Shading for Depicting Shape and Detail},
  volume = {25},
  journal = {ACM Trans. Graph.},
  doi = {10.1145/1179352.1142015}
}

@inproceedings{kindlmann2003,
  author = {Kindlmann, Gordon and Whitaker, Ross and Tasdizen, Tolga and Moller, T.},
  year = {2003},
  month = {11},
  pages = {513-520},
  title = {Curvature-Based Transfer Functions for Direct Volume Rendering: Methods and Applications},
  volume = {2003},
  isbn = {0-7803-8120-3},
  journal = {Proceedings of the IEEE Visualization Conference},
  doi = {10.1109/VISUAL.2003.1250414}
}

@inproceedings{hertzmann2000,
  author = {Hertzmann, Aaron and Zorin, Denis},
  title = {Illustrating Smooth Surfaces},
  year = {2000},
  isbn = {1581132085},
  publisher = {ACM Press/Addison-Wesley Publishing Co.},
  doi = {10.1145/344779.345074},
  booktitle = {Proceedings of the 27th Annual Conference on Computer Graphics and Interactive Techniques},
  pages = {517–526},
  numpages = {10},
  keywords = {hatching, pen-and-ink illustration, direction fields, silhouettes, non-photorealistic rendering},
  series = {SIGGRAPH '00}
}

@article{meyer2001,
  author = {Meyer, Mark and Desbrun, Mathieu and Schröder, Peter and Barr, Alan H.},
  year = {2001},
  month = {11},
  pages = {},
  title = {Discrete Differential-Geometry Operators for Triangulated 2-Manifolds},
  volume = {3},
  isbn = {978-3-642-05682-6},
  journal = {Proceedings of Visualization and Mathematics},
  doi = {10.1007/978-3-662-05105-4_2}
}
